<?xml version="1.0" encoding="UTF-8"?><collection xmlns="http://www.loc.gov/MARC21/slim"><record><leader>00438nam--2200133-i-4500</leader><controlfield tag="001">000009482</controlfield><controlfield tag="002">20161230</controlfield><controlfield tag="005">20161230201028</controlfield><controlfield tag="008">060222s1000------------r-----000-0-eng-d</controlfield><datafield ind1=" " ind2=" " tag="080"><subfield code="a">621.382:539.12.04</subfield></datafield><datafield ind1=" " ind2=" " tag="100"><subfield code="a">Bielle-daspet,Danielle</subfield></datafield><datafield ind1=" " ind2=" " tag="245"><subfield code="a">Effets des protons de grande energie sur les proprietes electriques du silicium et du germ anium.these</subfield></datafield><datafield ind1=" " ind2=" " tag="260"><subfield code="a">Toulouse,Faculte Des Sciences De L Universite, 1970. 243 P</subfield></datafield><datafield ind1=" " ind2=" " tag="852"><subfield code="a">33962</subfield></datafield></record></collection>